% This file was created with JabRef 2.10.
% Encoding: ASCII


@comment{jabref-meta: databaseType:biblatex;}

